

% CHATBOTS
@article{Kar2016,
	title = {Applying Chatbots to the Internet of Things: Opportunities and Architectural Elements},
	journal = {International Journal of Advanced Computer Science and Applications},
	doi = {10.14569/IJACSA.2016.071119},
	url = {http://dx.doi.org/10.14569/IJACSA.2016.071119},
	year = {2016},
	publisher = {The Science and Information Organization},
	volume = {7},
	number = {11},
	author = {Rohan Kar and Rishin Haldar}
}

@article{choudhary2024, 
	title = {Streamlining}, 
	volume={76}, 
	url= {https://pjosr.com/index.php/pjs/article/view/1131}, 
	doi= {10.57041/pjs.v76i01.1131}, 
	number = {01}, 
	journal= {Pakistan Journal of Science}, 
	author= {R. Choudhary and H. Tariq and N. R. Chaudhry and Maneha and R. Awan}, 
	year = {2024}, 
	month = {mar}, 
	pages = {169–177} 
}

@INPROCEEDINGS{Naruzzaman,
	author={Nuruzzaman, Mohammad and Hussain, Omar Khadeer},
	booktitle={2018 IEEE 15th International Conference on e-Business Engineering (ICEBE)}, 
	title={A Survey on Chatbot Implementation in Customer Service Industry through Deep Neural Networks}, 
	year={2018},
	volume={},
	number={},
	pages={54-61},
	keywords={Insurance;Task analysis;Credit cards;Neural networks;Deep learning;Chatbot;Neural Network;Deep Learning;Natural Language Processing;Dialogue System},
	doi={10.1109/ICEBE.2018.00019}
}

@article{rese2020,
	title = {Chatbots in retailers’ customer communication: How to measure their acceptance?},
	journal = {Journal of Retailing and Consumer Services},
	volume = {56},
	pages = {102176},
	year = {2020},
	issn = {0969-6989},
	doi = {https://doi.org/10.1016/j.jretconser.2020.102176},
	url = {https://www.sciencedirect.com/science/article/pii/S0969698920308286},
	author = {Alexandra Rese and Lena Ganster and Daniel Baier},
}

@article{beattie2020,
	author = {Austin Beattie, Autumn P. Edwards and Chad Edwards},
	title = {A Bot and a Smile: Interpersonal Impressions of Chatbots and Humans Using Emoji in Computer-mediated Communication},
	journal = {Communication Studies},
	volume = {71},
	number = {3},
	pages = {409--427},
	year = {2020},
	publisher = {Routledge},
	doi = {10.1080/10510974.2020.1725082},
	URL = {https://doi.org/10.1080/10510974.2020.1725082},
	eprint = {https://doi.org/10.1080/10510974.2020.1725082}
}

@article{bakouan2018,
	title = {A Chatbot for Automatic Processing of Learner Concerns in an Online Learning Platform},
	journal = {International Journal of Advanced Computer Science and Applications},
	doi = {10.14569/IJACSA.2018.090521},
	url = {http://dx.doi.org/10.14569/IJACSA.2018.090521},
	year = {2018},
	publisher = {The Science and Information Organization},
	volume = {9},
	number = {5},
	author = {Mamadou Bakouan and Beman Hamidja Kamagate and Tiemoman Kone and Souleymane Oumtanaga and Michel Babri}
}

@article{Nawaz2019,
	title = {Artificial Intelligence Chatbots are New Recruiters},
	journal = {International Journal of Advanced Computer Science and Applications},
	doi = {10.14569/IJACSA.2019.0100901},
	url = {http://dx.doi.org/10.14569/IJACSA.2019.0100901},
	year = {2019},
	publisher = {The Science and Information Organization},
	volume = {10},
	number = {9},
	author = {Nishad Nawaz and Anjali Mary Gomes}
}

@article{fan2021,
	author= {Fan, Xiangmin
	and Chao, Daren
	and Zhang, Zhan
	and Wang, Dakuo
	and Li, Xiaohua
	and Tian, Feng},
	title= {Utilization of Self-Diagnosis Health Chatbots in Real-World Settings: Case Study},
	journal= {J Med Internet Research}",
	year= {2021},
	month= {Jan},
	day= {6},
	volume= {23},
	number= {1},,
	issn= {1438-8871},
	doi= {10.2196/19928},
	url={https://www.jmir.org/2021/1/e19928},
}

@misc{Pennstate,
	author = {PennState},
	title = {{P}enn {S}tate launches {A}{I}-powered chatbot to assist students around the clock | {P}enn {S}tate {U}niversity --- psu.edu},
	url = {https://www.psu.edu/news/academics/story/penn-state-launches-ai-powered-chatbot-assist-students-around-clock},
	year = {2020},
	note = {[Accessed 24-10-2024]},
}

@article{caban2021,
	author = {Zayas-Cabán, Teresa and Haque, Saira and Kemper, Nicole},
	year = {2021},
	month = {05},
	pages = {686-697},
	title = {Identifying Opportunities for Workflow Automation in Health Care: Lessons Learned from Other Industries},
	volume = {12},
	journal = {Applied Clinical Informatics},
	doi = {10.1055/s-0041-1731744}
}

@book{mcquilken2014,
	author = {Toni McQuilken},
	year = {2014},
	month = {jan},  
	title = {Automation is the Future of Print Workflows},
	publisher = {Editor & Publisher}, 
}

@inproceedings{aguirre2017,
	author = {Aguirre, Santiago and Rodriguez, Alejandro},
	year = {2017},
	month = {08},
	pages = {65-71},
	title = {Automation of a Business Process Using Robotic Process Automation (RPA): A Case Study},
	isbn = {978-3-319-66962-5},
	doi = {10.1007/978-3-319-66963-2_7}
}